<record><leader>00000cas a22000007a 4500</leader><controlfield tag="001">11707585</controlfield><controlfield tag="008">850219d18661878wiuwr ne      0    0eng d</controlfield><datafield ind1=" " ind2=" " tag="010"><subfield code="a">sn 85033153 </subfield></datafield><datafield ind1=" " ind2=" " tag="040"><subfield code="a">NPU</subfield><subfield code="b">eng</subfield><subfield code="c">NPU</subfield><subfield code="d">NPV</subfield><subfield code="d">NPX</subfield><subfield code="d">OCLCQ</subfield></datafield><datafield ind1=" " ind2=" " tag="042"><subfield code="a">msc</subfield></datafield><datafield ind1="0" ind2=" " tag="130"><subfield code="a">Manitowoc tribune (Manitowoc, Wis. : 1866)</subfield></datafield><datafield ind1="1" ind2="4" tag="245"><subfield code="a">The Manitowoc tribune.</subfield></datafield><datafield ind1="1" ind2="3" tag="246"><subfield code="a">Tribune</subfield></datafield><datafield ind1="1" ind2="3" tag="246"><subfield code="a">Weekly tribune</subfield></datafield><datafield ind1="1" ind2="3" tag="246"><subfield code="a">Manitowoc semi-weekly tribune</subfield></datafield><datafield ind1=" " ind2=" " tag="260"><subfield code="a">Manitowoc, Wis. :</subfield><subfield code="b">O.B. Smith &amp; Co.,</subfield><subfield code="c">-1878.</subfield></datafield><datafield ind1=" " ind2=" " tag="300"><subfield code="a">v. ;</subfield><subfield code="c">65 cm.</subfield></datafield><datafield ind1=" " ind2=" " tag="310"><subfield code="a">Weekly</subfield></datafield><datafield ind1=" " ind2=" " tag="321"><subfield code="a">Semiweekly,</subfield><subfield code="b">Jan. 2, 1874-Sept. 1, 1874</subfield></datafield><datafield ind1=" " ind2=" " tag="321"><subfield code="a">Weekly,</subfield><subfield code="b">July 12, 1866-Dec. 25, 1873</subfield></datafield><datafield ind1="1" ind2=" " tag="362"><subfield code="a">Began in 1865 or 1866?</subfield></datafield><datafield ind1="0" ind2=" " tag="362"><subfield code="a">-v. 25, no. 4 (Apr. 18, 1878).</subfield></datafield><datafield ind1=" " ind2=" " tag="500"><subfield code="a">Publisher varies.</subfield></datafield><datafield ind1=" " ind2=" " tag="525"><subfield code="a">Supplements accompany some issues.</subfield></datafield><datafield ind1=" " ind2=" " tag="588"><subfield code="a">Description based on: Vol. 13, no. 12 (July 12, 1866).</subfield></datafield><datafield ind1=" " ind2=" " tag="752"><subfield code="a">United States</subfield><subfield code="b">Wisconsin</subfield><subfield code="c">Manitowoc</subfield><subfield code="d">Manitowoc.</subfield></datafield><datafield ind1="0" ind2="4" tag="785"><subfield code="t">Manitowoc pilot</subfield><subfield code="w">(DLC)sn 85033139</subfield><subfield code="w">(OCoLC)11695644</subfield></datafield></record>